<?xml version="1.0" encoding="UTF-8"?><collection xmlns="http://www.loc.gov/MARC21/slim"><record><leader>00409nam--2200133-i-4500</leader><controlfield tag="001">000043461</controlfield><controlfield tag="002">20161230</controlfield><controlfield tag="005">20161230201044</controlfield><controlfield tag="008">060222s1000------------r-----000-0-eng-d</controlfield><datafield ind1=" " ind2=" " tag="080"><subfield code="a">550.834:550.34(083.41)</subfield></datafield><datafield ind1=" " ind2=" " tag="100"><subfield code="a">Tabban,Ahmet And Gengoglu,Sinan</subfield></datafield><datafield ind1=" " ind2=" " tag="245"><subfield code="a">Statistical analysis of earthkouake acourrence in turkey, 1900-1970</subfield></datafield><datafield ind1=" " ind2=" " tag="260"><subfield code="a">Ankara, Earthouake Research Inst.,1973. 10p. + Dif</subfield></datafield><datafield ind1=" " ind2=" " tag="852"><subfield code="a">48074</subfield></datafield></record></collection>